@phdthesis{Schuster:2017,
  title={Context-free Games on Strings and Nested Words},
  author={Schuster, Martin},
  school = {Technische Universität Dortmund, Fakultät für Informatik},
  year={2017},
  DOI = {10.17877/DE290R-18135},
  langid={english}
}

@book{Sokolov:2014,
  title={Введение в теорию формальных языков},
  author={Соколов, В. А.},
  year={2014},
  location={Ярославль},
  publisher={ЯрГУ},
  pagetotal={208},
  langid={russian}
}

@book{Owen1971,
  title = {Теория игр},
  author = {Оуэн, Г.},
  year = {1971},
  location = {М.},
  publisher = {Мир},
  pagetotal = {230},
  langid={russian}
}
